%%%% Modelo para bibliografia - bibtex!
% 



@inproceedings{yan,
     author = {Yan, Jeff and Randell, Brian},
     title = {A Systematic Classification of Cheating in Online Games},
     booktitle = {Proceedings of 4th ACM SIGCOMM Workshop on Network and System Support for Games},
     series = {NetGames '05},
     year = {2005},
     isbn = {1-59593-156-2},
     location = {Hawthorne, NY},
     pages = {1--9},
     numpages = {9},
     url = {http://doi.acm.org/10.1145/1103599.1103606},
     doi = {10.1145/1103599.1103606},
     acmid = {1103606},
     publisher = {ACM},
     address = {New York, NY, USA},
     keywords = {cheating, online computer games, security, taxonomy},
} 

@inproceedings{Kabus:2005:ACD:1103599.1103607,
 author = {Kabus, Patric and Terpstra, Wesley W. and Cilia, Mariano and Buchmann, Alejandro P.},
 title = {Addressing Cheating in Distributed MMOGs},
 booktitle = {Proceedings of 4th ACM SIGCOMM Workshop on Network and System Support for Games},
 series = {NetGames '05},
 year = {2005},
 isbn = {1-59593-156-2},
 location = {Hawthorne, NY},
 pages = {1--6},
 numpages = {6},
 url = {http://doi.acm.org/10.1145/1103599.1103607},
 doi = {10.1145/1103599.1103607},
 acmid = {1103607},
 publisher = {ACM},
 address = {New York, NY, USA},
 keywords = {cheating, distributed systems, massively multiplayer online gaming},
} 


@inproceedings{Feng:2008:SMC:1517494.1517497,
 author = {Feng, Wu-chang and Kaiser, Ed and Schluessler, Travis},
 title = {Stealth Measurements for Cheat Detection in On-line Games},
 booktitle = {Proceedings of the 7th ACM SIGCOMM Workshop on Network and System Support for Games},
 series = {NetGames '08},
 year = {2008},
 isbn = {978-1-60558-132-3},
 location = {Worcester, Massachusetts},
 pages = {15--20},
 numpages = {6},
 url = {http://doi.acm.org/10.1145/1517494.1517497},
 doi = {10.1145/1517494.1517497},
 acmid = {1517497},
 publisher = {ACM},
 address = {New York, NY, USA},
} 

@inproceedings{Yan:2003:SDO:956415.956453,
 author = {Yan, Jeff},
 title = {Security Design in Online Games},
 booktitle = {Proceedings of the 19th Annual Computer Security Applications Conference},
 series = {ACSAC '03},
 year = {2003},
 isbn = {0-7695-2041-3},
 pages = {286--},
 url = {http://dl.acm.org/citation.cfm?id=956415.956453},
 acmid = {956453},
 publisher = {IEEE Computer Society},
 address = {Washington, DC, USA},
} 



@article{Mitterhofer:2009:SBD:1591889.1592174,
 author = {Mitterhofer, Stefan and Kruegel, Christopher and Kirda, Engin and Platzer, Christian},
 title = {Server-Side Bot Detection in Massively Multiplayer Online Games},
 journal = {IEEE Security and Privacy},
 issue_date = {May 2009},
 volume = {7},
 number = {3},
 month = may,
 year = {2009},
 issn = {1540-7993},
 pages = {29--36},
 numpages = {8},
 url = {http://dx.doi.org/10.1109/MSP.2009.78},
 doi = {10.1109/MSP.2009.78},
 acmid = {1592174},
 publisher = {IEEE Educational Activities Department},
 address = {Piscataway, NJ, USA},
 keywords = {bot detection, cheating, gaming, gaming bots, gaming, security, online games, cheating, gaming bots, bot detection, world of warcraft, mmorpg security, waypoint extraction, mmorpg security, online games, security, waypoint extraction, world of warcraft},
} 


@inproceedings{Monch:2006:POG:1230040.1230087,
 author = {M\"{o}nch, Christian and Grimen, Gisle and Midtstraum, Roger},
 title = {Protecting Online Games Against Cheating},
 booktitle = {Proceedings of 5th ACM SIGCOMM Workshop on Network and System Support for Games},
 series = {NetGames '06},
 year = {2006},
 isbn = {1-59593-589-4},
 location = {Singapore},
 articleno = {20},
 url = {http://doi.acm.org/10.1145/1230040.1230087},
 doi = {10.1145/1230040.1230087},
 acmid = {1230087},
 publisher = {ACM},
 address = {New York, NY, USA},
} 



@inproceedings{Izaiku:2006:CDM:1230040.1230056,
 author = {Izaiku, Takato and Yamamoto, Shinya and Murata, Yoshihiro and Shibata, Naoki and Yasumoto, Keiichi and Ito, Minoru},
 title = {Cheat Detection for MMORPG on P2P Environments},
 booktitle = {Proceedings of 5th ACM SIGCOMM Workshop on Network and System Support for Games},
 series = {NetGames '06},
 year = {2006},
 isbn = {1-59593-589-4},
 location = {Singapore},
 articleno = {46},
 url = {http://doi.acm.org/10.1145/1230040.1230056},
 doi = {10.1145/1230040.1230056},
 acmid = {1230056},
 publisher = {ACM},
 address = {New York, NY, USA},
 keywords = {MMORPG, P2P, cheating, distributed system, massively multiplayer online gaming, peer to peer},
} 



@article{tixinha,
author = {Collingbourne, Peter and Cadar, Cristian and Kelly, Paul},
year = {2014},
month = {07},
pages = {710-737},
title = {Symbolic Crosschecking of Data-Parallel Floating-Point Code},
volume = {40},
booktitle = {Software Engineering, IEEE Transactions on}
}

@inproceedings{Cadar:2008:KUA:1855741.1855756,
 author = {Cadar, Cristian and Dunbar, Daniel and Engler, Dawson},
 title = {KLEE: Unassisted and Automatic Generation of High-coverage Tests for Complex Systems Programs},
 booktitle = {Proceedings of the 8th USENIX Conference on Operating Systems Design and Implementation},
 series = {OSDI'08},
 year = {2008},
 location = {San Diego, California},
 pages = {209--224},
 numpages = {16},
 url = {http://dl.acm.org/citation.cfm?id=1855741.1855756},
 acmid = {1855756},
 publisher = {USENIX Association},
 address = {Berkeley, CA, USA},
} 


@book{new,
 author = {Singhal, Sandeep and Zyda, Michael},
 title = {Networked Virtual Environments: Design and Implementation},
 year = {1999},
 isbn = {0-201-32557-8},
 publisher = {ACM Press/Addison-Wesley Publishing Co.},
 address = {New York, NY, USA},
} 


@misc{galoi,
  author = {Christoph Reichenbach},
  location = {Fachbereich 12},
  title = {Foundations of Programming Languages},
  year = {2015},
  note = {Acesso em 23 nov. 2017}
}

@misc{json,
  author = {Niels Lohmann},
  title = {JSON for Modern C++},
  note = {Acesso em 17 out. 2017},
  year = {2017},
  url = {https://nlohmann.github.io/json/}
}

@misc{starcraft,
  author = {Blizzard},
  title = {StarCraft},
  url = {https://starcraft.com/pt-br/},
  year = {2017},
  note = {Acesso em 3 nov. 2017}
}

@misc{steam, 
    author = {Steam},
    title = {Steam},
    url = {http://store.steampowered.com/?l=portuguese},
    year =  {2003},
    note = {Acesso em 20 set. 2017}
}

@inproceedings{NVE,
 author = {Jha, Somesh and Katzenbeisser, Stefan and Schallhart, Christian and Veith, Helmut and Chenney, Stephen},
 title = {Enforcing Semantic Integrity on Untrusted Clients in Networked Virtual Environments},
 booktitle = {Proceedings of the 2007 IEEE Symposium on Security and Privacy},
 series = {SP '07},
 year = {2007},
 isbn = {0-7695-2848-1},
 pages = {179--186},
 numpages = {8},
 url = {http://dx.doi.org/10.1109/SP.2007.16},
 doi = {10.1109/SP.2007.16},
 acmid = {1264222},
 publisher = {IEEE Computer Society},
 address = {Washington, DC, USA},
} 


@misc{ ia_google,
  title = {Um computador do Google venceu um campeão mundial neste jogo chinês},
  author = {Jean Prado},
  year = {2016},
  url = {https://tecnoblog.net/192604/computador-google-vence-campeao-go/},
}


@inproceedings {go_old, 
  author = {M Müller},
  title = {Computer Go}, 
  booktitle = {Artificial Intelligence, Vol.134, No.1-2 (Special issue on Games, Computers and AI)},
  pages = {145--179},
  year = {2002},
  moth = {Janeiro} 
}

@INPROCEEDINGS{trends,
       Author = {McCreary, S. and claffy, k.}, 
       Title = {{Trends in wide area IP traffic patterns - A view from Ames Internet Exchange}},
       BookTitle = {ITC Specialist Seminar},
       Address = {Monterey, CA},
       Month = {Sep},
       Year = {2000},
       Keywords = {passive data analysis}
}

@misc{cheat-proof,
  Author = {N Baughman, B Levine},
  Title = {Cheat-proof Playout for Centralized and Distributed Online Games},
  Month = {Abril},
  Year = {2001},
  Publisher = {Proc. of the Twentieth IEEE INFOCOM Conference}
}


@article{execucaosimbolica,
   author = {King, James C.},
   title = {Symbolic Execution and Program Testing},
   journal = {Commun. ACM},
   issue_date = {July 1976},
   volume = {19},
   number = {7},
   month = jul,
   year = {1976},
   issn = {0001-0782},
   pages = {385--394},
   numpages = {10},
   url = {http://doi.acm.org/10.1145/360248.360252},
   doi = {10.1145/360248.360252},
   acmid = {360252},
   publisher = {ACM},
   address = {New York, NY, USA},
   keywords = {program debugging, program proving, program testing, program verification, symbolic execution, symbolic interpretation}
}


@misc{cheatingonlinegames,
  author = {D. Spohn},
  url = {http://internetgames.about.com/od/gamingnews/a/cheating.htm },
  title = {Cheating in Online Games},
  year = {Agosto 2016}
}

@misc{pong,
  url = {http://www.ponggame.org/},
  year = {2017},
}


@article{implementacaosimbolica,
 author = {Bethea, Darrell and Cochran, Robert A. and Reiter, Michael K.},
 title = {Server-side Verification of Client Behavior in Online Games},
 journal = {ACM Trans. Inf. Syst. Secur.},
 issue_date = {Dezembro 2011},
 volume = {14},
 number = {4},
 month = {dez},
 year = {2008},
 issn = {1094-9224},
 pages = {32:1--32:27},
 articleno = {32},
 numpages = {27},
 url = {http://doi.acm.org/10.1145/2043628.2043633},
 doi = {10.1145/2043628.2043633},
 acmid = {2043633},
 publisher = {ACM},
 address = {New York, NY, USA},
 keywords = {Computer games, cheat detection},
} 

@rfc{Krawczyk:1997:HKM:RFC2104,
 author = {Krawczyk, H. and Bellare, M. and Canetti, R.},
 title = {HMAC: Keyed-Hashing for Message Authentication},
 year = {1997},
 publisher = {RFC Editor},
 address = {United States},
} 

@misc{newzoo,
    author    = {Newzoo},
    title     = {The Global Games Market Reaches \$99.6 Billion In 2016, Mobiles Generating 37\%},
    year      = {2016},
    url       = {https://newzoo.com/insights/articles/global-games-market-reaches-99-6-billion-2016-mobile-generating-37/},
    note      = {Acesso em 18 set. 2017}
}
